<?xml version="1.0" encoding="UTF-8"?><collection xmlns="http://www.loc.gov/MARC21/slim"><record><leader>00522nam--2200181-i-4500</leader><controlfield tag="001">000009218</controlfield><controlfield tag="002">20161230</controlfield><controlfield tag="005">20170102204959</controlfield><controlfield tag="008">060222s1000------------r-----000-0-eng-d</controlfield><datafield ind1=" " ind2=" " tag="080"><subfield code="a">537.222.22:538.935</subfield></datafield><datafield ind1=" " ind2=" " tag="100"><subfield code="a">Calecki, Daniel</subfield></datafield><datafield ind1=" " ind2=" " tag="245"><subfield code="a">Introduction aux phenomenes de transport lineaires dans les semiconducteurs</subfield></datafield><datafield ind1=" " ind2=" " tag="260"><subfield code="a">Paris</subfield><subfield code="b">Masson Et C-ie</subfield><subfield code="c">1970</subfield></datafield><datafield ind1=" " ind2=" " tag="300"><subfield code="a">V + 237 p</subfield></datafield><datafield ind1=" " ind2=" " tag="490"><subfield code="a">Collection De Monographies De Physique</subfield></datafield><datafield ind1=" " ind2=" " tag="700"><subfield code="a">Tavernier, J</subfield></datafield><datafield ind1=" " ind2=" " tag="852"><subfield code="a">3252O</subfield></datafield><datafield ind1=" " ind2=" " tag="CAT"><subfield code="a">SYS</subfield><subfield code="c">20170102</subfield><subfield code="h">204959</subfield></datafield></record></collection>